2924 4954
352 287 524 361 snasn
549 287 619 356 nr
648 250 948 398 minuente
1012 257 1189 379 'cerva

121 463 123 471 ’
148 499 245 564 quum
261 465 441 546 suffimenta
455 483 574 554 nullam
587 465 654 556 iere'
672 485 812 564 corporis
827 499 948 564 partem
965 473 1086 568 semper
1107 487 1190 565 cela-5
1210 467 1217 508 ¹
1278 481 1321 565 f

149 600 230 670 rent,
252 601 286 648 et
301 590 335 648 in
350 585 622 674 exercitationibus
638 590 787 670 gymnicis
809 591 913 648 omnia
935 587 1023 668 saepe
1047 571 1189 670 depone-

147 703 265 764 rentur,
279 689 478 780 feminaeque
495 712 532 751 ex
548 692 760 774 gynaeceisin
777 694 913 750 virorum
930 690 1188 756 consuetudinem

149 807 182 854 ct
202 809 328 882 coetum
347 813 420 856 raro
440 797 601 866 venirent,
639 808 673 852 vt
700 791 815 872 pudori
837 794 969 882 ipsarum
991 791 1092 854 suiliet
1113 817 1187 858 con.

146 890 324 956 sulendurn:
380 895 476 956 multa
501 894 679 971 manserunt
706 892 852 968 honesta,
883 910 938 956 -et
968 893 1032 958 [ine
1052 895 1190 961 'honore

146 997 322 1078 praefando
339 999 502 1069 dicenda,
529 1019 645 1082 quae,
686 994 938 1068 vestimentorum
970 1005 1121 1062 inmutata
1140 1023 1190 1065 ra-

148 1103 254 1174 tione,
284 1117 316 1162 et
337 1100 524 1164 verecundia
545 1104 579 1160 in
604 1099 774 1183 sequiorem
799 1099 994 1184 sexum,‘qui
1016 1123 1101 1164 nunc
1121 1125 1212 1192 uon,
1258 1149 1263 1158 ·

147 1207 311 1264 minimam
338 1209 422 1266 vitae
442 1203 559 1267 social'n
581 1219 701 1286 partem
724 1201 897 1275 constituit,
936 1205 975 1266 ab
997 1211 1133 1288 ingenue
1156 1223 1190 1270 et

138 1305 319 1368 liberaliter
341 1304 482 1368 inilitutis
502 1325 576 1376 non
591 1306 784 1386 usurpantur.
841 1308 960 1380 Porro,
986 1310 1072 1390 quod
1095 1323 1191 1388 captat

147 1407 226 1468 mihi
258 1409 398 1478 videtur,
437 1431 533 1494 quum
570 1403 672 1470 mores
708 1414 819 1470 civium
855 1411 1016 1491 disciplina
1052 1412 1190 1493 publica,

148 1516 302 1574 maiorum
335 1511 477 1574 institutis
506 1529 538 1575 et
566 1507 686 1598 legibus
715 1519 845 1598 maxime
884 1505 1113 1590 formarentur,
1152 1520 1191 1576 iis

149 1631 253 1676 nutem
285 1615 405 1699 legibus
439 1621 519 1680 cives
556 1632 674 1680 tanturn
700 1633 897 1678 tenerentur:
956 1617 1069 1691 multa,
1107 1633 1192 1700 qnae
1251 1673 1253 1680 a

148 1723 252 1802 turpia
274 1717 452 1780 fuissentin
474 1726 555 1782 cives
580 1716 755 1794 commissa,
791 1724 826 1779 in
845 1723 1028 1802 peregrinos
1050 1717 1192 1783 concessa

147 1839 257 1894 erant,
298 1823 469 1903 dequibus
492 1827 588 1904 igitur
613 1824 712 1884 libere
735 1822 893 1904 etvaperte
913 1822 1001 1906 loqui
1019 1843 1115 1885 nemo
1139 1844 1192 1900 ve,-

148 1924 295 1997 rebatur,
317 1926 497 2006 quaeserunt
518 1931 552 1984 in
573 1927 852 2007 elegantiomm‘et
872 1925 1110 1988 delicatulorum
1133 1931 1193 1990 cir·

150 2027 237 2088 culis.
288 2015 462 2086 Honesiaris
483 2027 627 2106 quidem,
669 2027 790 2086 decoris
811 2042 844 2088 et
871 2026 999 2108 pudoris
1029 2031 1060 2100 ri
1095 2033 1192 2110 magis

152 2129 291 2198 exculta,
321 2133 360 2198 ii,
390 2133 442 2209 qui
465 2131 605 2208 gravitati
627 2142 657 2186 et
677 2129 820 2210 dignitati
837 2125 1014 2201 studerent,
1050 2130 1192 2190 amulii·

153 2233 280 2316 quidem
306 2231 392 2290 dictis
413 2226 469 2288 fibi
491 2243 715 2310 temperarunt,
748 2249 829 2312 quae
848 2231 1053 2293 multitudinis
1074 2229 1193 2290 levitati

151 2350 186 2411 et
208 2332 398 2418 petulantiae
425 2330 546 2420 semper
572 2331 804 2414 probabantur,
838 2348 875 2393 ut
903 2333 1027 2394 Periclis
1050 2349 1194 2414 tempore
1254 2373 1259 2378 -

153 2435 363 2518 Aristophanis
389 2440 448 2497 ioci
475 2438 578 2518 inpuri
601 2433 855 2510 Atheniensibus,
892 2437 1003 2520 quibus
1026 2433 1194 2520 honestatis

141 2556 323 2622 ¹praecepta
346 2541 486 2599 Socrates
510 2539 696 2610 tradiderat,
733 2559 876 2622 quosque
898 2541 997 2620 pulcri
1020 2555 1052 2601 et
1073 2539 1193 2600 decoris
1286 2567 1300 2584 ³

153 2641 239 2716 sensu
263 2642 388 2703 Phidias
414 2641 574 2706 imbuerat.
637 2642 777 2702 Omnino
809 2658 913 2703 autern
942 2647 1024 2704 inter
1052 2642 1195 2722 liberales

153 2751 242 2808 iocos
257 2727 377 2806 'lasciva
399 2767 529 2830 quoque
551 2760 584 2806 et
604 2765 641 2808 ea
669 2742 880 2819 habebantur,
912 2761 1047 2827 quorum
1075 2749 1196 2808 mentio
1293 2752 1298 2764 '

85 2885 88 2895 .
154 2853 292 2930 ingenue
322 2847 460 2910 instituto
484 2869 569 2908 nune
590 2847 739 2908 ruborem
764 2847 970 2924 obfunderet,
1007 2866 1196 2932 quamquam

103 2973 107 2982 ·
145 2973 175 3012 ·a
199 2949 454 3032 philosophorum
477 2949 752 3031 disputationibus,
803 2948 1015 3012 historicorum
1043 2954 1195 3034 gravitate

158 3071 189 3116 et
205 3051 258 3113 usu
279 3051 391 3135 sorensi
412 3051 521 3124 aliena,
542 3057 654 3134 poetis·
665 3069 770 3115 tamen
794 3056 828 3112 in
844 3059 948 3136 primia
963 3049 1101 3131 concessa
1110 3078 1122 3136 ;
1147 3075 1197 3114 ea·

158 3179 221 3240 qne
241 3177 278 3215 ex
301 3157 358 3214 illis
381 3152 496 3214 sublata
517 3157 615 3228 velle,
639 3143 786 3228 autvitio
809 3157 868 3216 illis
890 3155 974 3232 dere,
998 3151 1197 3218 absurdissimi

159 3258 270 3320 ialirdii
291 3257 433 3317 arbitror.
486 3259 583 3338 Quod
609 3255 747 3342 fiigitur
768 3259 898 3335 Ovidio,
935 3261 1077 3334 Catullo,
1113 3261 1198 3320 Mar-

158 3367 242 3434 tiali,
264 3364 453 3444 reliquisque
475 3365 577 3442 poetis
598 3383 635 3421 ea
659 3367 748 3422 venia
772 3362 875 3424 denda
897 3359 951 3436 est,
979 3362 1027 3422 ab·
1041 3361 1196 3436 omnibus,

70 3529 71 3532 ,
159 3471 215 3552 qui
245 3470 279 3526 in
309 3463 449 3548 legendis
478 3463 649 3545 priscorum
679 3467 878 3526 monimentis
911 3471 1017 3528 mente
1049 3480 1082 3527 et
1115 3469 1200 3548 cogi-

159 3575 281 3633 tatione
304 3589 413 3629 eorum
436 3573 629 3650 temporum,
669 3566 780 3650 quibus
801 3572 931 3650 quisque
952 3565 1118 3649 scripserit,
1148 3577 1201 3628 ra.
1233 3589 1237 3607 2

160 3679 280 3736 tionem
311 3672 504 3754 praesentem
535 3669 590 3730 fibi
617 3667 734 3755 fingere
763 3671 873 3746 sciant,
913 3686 947 3731 ut
971 3668 1080 3734 lascive
1105 3676 1202 3759 inter-

161 3777 237 3838 dum
258 3779 384 3848 ludant,
421 3797 594 3858 parumque
616 3777 729 3857 pudice
748 3776 934 3858 loquantum
964 3789 1084 3858 quanto
1106 3778 1202 3838 maie·

108 3937 110 3944 ,
152 3901 227 3951 ,rem
252 3879 479 3942 excusationem
500 3878 610 3939 satirici
637 3875 772 3951 habent,
810 3882 867 3961 qui
889 3883 923 3940 in
943 3899 1048 3940 rerum
1071 3882 1203 3957 turpitn·
1267 3911 1271 3928 ·

149 3981 239 4043 dine
260 3985 460 4070 exagitanda,
490 3984 538 4058 id,
567 3981 654 4066 quod
676 3980 731 4043 fibi
750 3981 996 4063 proposuerunt,
1023 3979 1082 4040 risu
1105 3984 1200 4062 magis

167 4099 199 4145 et
220 4089 306 4162 ioco,
342 4109 436 4172 quarn
463 4085 637 4147 austeritate
667 4101 700 4148 et
725 4087 884 4148 severitate
909 4083 1054 4166 consequi
1074 4097 1201 4165 queant.

166 4185 297 4286 Omnia,
321 4212 403 4278 quae
430 4191 618 4278 ira-Horatio
644 4190 735 4254 obvia
761 4189 849 4264 sunt,
882 4177 1202 4272 quaequeobscqena

755 4291 819 4356 kz
