<?xml version="1.0" encoding="UTF-8"?>
<!DOCTYPE html PUBLIC "-//W3C//DTD XHTML 1.0 Transitional//EN"
    "http://www.w3.org/TR/xhtml1/DTD/xhtml1-transitional.dtd">
<html xmlns="http://www.w3.org/1999/xhtml" xml:lang="en" lang="en">
 <head>
  <title>
</title>
<meta http-equiv="Content-Type" content="text/html;charset=utf-8" />
  <meta name='ocr-system' content='tesseract 3.04.00' />
  <meta name='ocr-capabilities' content='ocr_page ocr_carea ocr_par ocr_line ocrx_word'/>
</head>
<body>
  <div class='ocr_page' id='page_1' title='image "./divniiivvenalis00juvegoog_0144.png"; bbox 0 0 2924 4954; ppageno 0'>
   <div class='ocr_carea' id='block_1_1' title="bbox 275 289 1207 438">
    <p class='ocr_par' dir='ltr' id='par_1_1' title="bbox 275 289 1207 438">
     <span class='ocr_line' id='line_1_1' title="bbox 275 289 1207 438; baseline -0.013 -27"><span class='ocrx_word' id='word_1_1' title='bbox 275 317 416 412; x_wconf 61' lang='lat' dir='ltr'><strong>axin</strong></span> <span class='ocrx_word' id='word_1_2' title='bbox 458 289 1155 409; x_wconf 66' lang='lat' dir='ltr'><strong>nisirnvcrrurroairm</strong></span> <span class='ocrx_word' id='word_1_3' title='bbox 1201 433 1207 438; x_wconf 12' lang='grc' dir='ltr'>ἢ</span> 
     </span>
    </p>
   </div>
   <div class='ocr_carea' id='block_1_2' title="bbox 274 523 1324 729">
    <p class='ocr_par' dir='ltr' id='par_1_2' title="bbox 274 523 1324 720">
     <span class='ocr_line' id='line_1_2' title="bbox 274 523 1324 615; baseline -0.008 -12"><span class='ocrx_word' id='word_1_4' title='bbox 274 557 342 603; x_wconf 85' lang='lat' dir='ltr'><strong>tere</strong></span> <span class='ocrx_word' id='word_1_5' title='bbox 364 533 457 600; x_wconf 74' lang='lat' dir='ltr'><strong>ausus</strong></span> <span class='ocrx_word' id='word_1_6' title='bbox 473 525 558 606; x_wconf 79' lang='lat' dir='ltr'><strong>e&#39;rat,</strong></span> <span class='ocrx_word' id='word_1_7' title='bbox 594 545 660 592; x_wconf 88' lang='lat' dir='ltr'><strong>tutu</strong></span> <span class='ocrx_word' id='word_1_8' title='bbox 681 532 716 591; x_wconf 91' lang='lat' dir='ltr'><strong>in</strong></span> <span class='ocrx_word' id='word_1_9' title='bbox 736 523 846 615; x_wconf 69' lang='lat' dir='ltr'><strong>vulgus</strong></span> <span class='ocrx_word' id='word_1_10' title='bbox 867 542 936 592; x_wconf 88' lang='lat' dir='ltr'><strong>tuto</strong></span> <span class='ocrx_word' id='word_1_11' title='bbox 956 528 1068 606; x_wconf 81' lang='lat' dir='ltr'><strong>edere,</strong></span> <span class='ocrx_word' id='word_1_12' title='bbox 1106 543 1175 590; x_wconf 89' lang='lat' dir='ltr'><strong>turn</strong></span> <span class='ocrx_word' id='word_1_13' title='bbox 1194 530 1324 610; x_wconf 78' lang='lat' dir='ltr'><strong>politica</strong></span> 
     </span>
     <span class='ocr_line' id='line_1_3' title="bbox 274 639 518 729; baseline -0.043 -25"><span class='ocrx_word' id='word_1_14' title='bbox 274 645 385 729; x_wconf 79' lang='lat' dir='ltr'><strong>limare</strong></span> <span class='ocrx_word' id='word_1_15' title='bbox 404 639 518 720; x_wconf 87' lang='lat' dir='ltr'><strong>potuit</strong></span> 
     </span>
    </p>
   </div>
   <div class='ocr_carea' id='block_1_3' title="bbox 278 779 1342 1274">
    <p class='ocr_par' dir='ltr' id='par_1_3' title="bbox 278 779 1342 1274">
     <span class='ocr_line' id='line_1_4' title="bbox 278 779 1324 876; baseline -0.003 -19"><span class='ocrx_word' id='word_1_16' title='bbox 278 839 280 848; x_wconf 43' lang='grc' dir='ltr'><strong>ι</strong></span> <span class='ocrx_word' id='word_1_17' title='bbox 362 796 408 858; x_wconf 85' lang='lat' dir='ltr'><strong>Ex</strong></span> <span class='ocrx_word' id='word_1_18' title='bbox 433 792 499 866; x_wconf 80' lang='lat' dir='ltr'><strong>bia,</strong></span> <span class='ocrx_word' id='word_1_19' title='bbox 520 811 604 875; x_wconf 89' lang='lat' dir='ltr'><strong>quae</strong></span> <span class='ocrx_word' id='word_1_20' title='bbox 626 790 666 852; x_wconf 86' lang='lat' dir='ltr'><strong>de</strong></span> <span class='ocrx_word' id='word_1_21' title='bbox 685 788 933 872; x_wconf 70' lang='lat' dir='ltr'><strong>temporibus,</strong></span> <span class='ocrx_word' id='word_1_22' title='bbox 924 783 1073 876; x_wconf 70' lang='lat' dir='ltr'><strong>ingeniis,</strong></span> <span class='ocrx_word' id='word_1_23' title='bbox 1102 779 1206 854; x_wconf 80' lang='lat' dir='ltr'><strong>studiis</strong></span> <span class='ocrx_word' id='word_1_24' title='bbox 1228 797 1324 854; x_wconf 89' lang='lat' dir='ltr'><strong>mori·</strong></span> 
     </span>
     <span class='ocr_line' id='line_1_5' title="bbox 278 875 1342 986; baseline -0.005 -22"><span class='ocrx_word' id='word_1_25' title='bbox 278 875 401 986; x_wconf 73' lang='lat' dir='ltr'><strong>bneque</strong></span> <span class='ocrx_word' id='word_1_26' title='bbox 418 897 552 969; x_wconf 80' lang='lat' dir='ltr'><strong>Horatii,</strong></span> <span class='ocrx_word' id='word_1_27' title='bbox 574 892 669 956; x_wconf 79' lang='lat' dir='ltr'><strong>Persii</strong></span> <span class='ocrx_word' id='word_1_28' title='bbox 684 909 716 956; x_wconf 87' lang='lat' dir='ltr'><strong>ct</strong></span> <span class='ocrx_word' id='word_1_29' title='bbox 732 893 885 956; x_wconf 85' lang='lat' dir='ltr'><strong>luvenalis</strong></span> <span class='ocrx_word' id='word_1_30' title='bbox 900 894 1042 968; x_wconf 80' lang='lat' dir='ltr'>diximus,</span> <span class='ocrx_word' id='word_1_31' title='bbox 1065 893 1155 955; x_wconf 79' lang='lat' dir='ltr'><strong>facile</strong></span> <span class='ocrx_word' id='word_1_32' title='bbox 1178 896 1228 958; x_wconf 86' lang='lat' dir='ltr'><strong>vel</strong></span> <span class='ocrx_word' id='word_1_33' title='bbox 1249 916 1326 960; x_wconf 84' lang='lat' dir='ltr'><strong>con·</strong></span> <span class='ocrx_word' id='word_1_34' title='bbox 1337 877 1342 886; x_wconf 40' lang='lat'><strong>⁹</strong></span> 
     </span>
     <span class='ocr_line' id='line_1_6' title="bbox 279 994 1327 1091; baseline -0.004 -28"><span class='ocrx_word' id='word_1_35' title='bbox 279 1007 335 1089; x_wconf 81' lang='lat' dir='ltr'><strong>ligi</strong></span> <span class='ocrx_word' id='word_1_36' title='bbox 357 1001 408 1067; x_wconf 86' lang='lat' dir='ltr'><strong>vel</strong></span> <span class='ocrx_word' id='word_1_37' title='bbox 430 997 574 1082; x_wconf 85' lang='lat' dir='ltr'><strong>explicari</strong></span> <span class='ocrx_word' id='word_1_38' title='bbox 596 994 721 1091; x_wconf 85' lang='lat' dir='ltr'><strong>poffunt</strong></span> <span class='ocrx_word' id='word_1_39' title='bbox 739 1001 865 1060; x_wconf 76' lang='lat' dir='ltr'><strong>virtuter</strong></span> <span class='ocrx_word' id='word_1_40' title='bbox 887 1013 917 1060; x_wconf 87' lang='lat' dir='ltr'><strong>et</strong></span> <span class='ocrx_word' id='word_1_41' title='bbox 939 1001 1011 1057; x_wconf 77' lang='lat' dir='ltr'><strong>vitia</strong></span> <span class='ocrx_word' id='word_1_42' title='bbox 1032 1016 1140 1058; x_wconf 87' lang='lat' dir='ltr'><strong>eorum</strong></span> <span class='ocrx_word' id='word_1_43' title='bbox 1158 1013 1222 1058; x_wconf 87' lang='lat' dir='ltr'><strong>tarn</strong></span> <span class='ocrx_word' id='word_1_44' title='bbox 1240 1020 1327 1059; x_wconf 90' lang='lat' dir='ltr'><strong>com·</strong></span> 
     </span>
     <span class='ocr_line' id='line_1_7' title="bbox 280 1094 1326 1186; baseline -0.004 -18"><span class='ocrx_word' id='word_1_45' title='bbox 280 1109 409 1178; x_wconf 83' lang='lat' dir='ltr'><strong>munia,</strong></span> <span class='ocrx_word' id='word_1_46' title='bbox 434 1121 528 1186; x_wconf 83' lang='lat' dir='ltr'><strong>quam</strong></span> <span class='ocrx_word' id='word_1_47' title='bbox 550 1103 645 1162; x_wconf 69' lang='lat' dir='ltr'><strong>cuivis</strong></span> <span class='ocrx_word' id='word_1_48' title='bbox 667 1105 811 1184; x_wconf 83' lang='lat' dir='ltr'><strong>propria,</strong></span> <span class='ocrx_word' id='word_1_49' title='bbox 834 1121 914 1186; x_wconf 87' lang='lat' dir='ltr'><strong>quae</strong></span> <span class='ocrx_word' id='word_1_50' title='bbox 934 1120 1020 1162; x_wconf 88' lang='lat' dir='ltr'><strong>nunc</strong></span> <span class='ocrx_word' id='word_1_51' title='bbox 1041 1100 1156 1164; x_wconf 79' lang='lat' dir='ltr'><strong>eadem¹</strong></span> <span class='ocrx_word' id='word_1_52' title='bbox 1174 1094 1326 1164; x_wconf 84' lang='lat' dir='ltr'><strong>brevitate</strong></span> 
     </span>
     <span class='ocr_line' id='line_1_8' title="bbox 282 1207 519 1274; baseline -0.021 -1"><span class='ocrx_word' id='word_1_53' title='bbox 282 1207 519 1274; x_wconf 68' lang='lat' dir='ltr'><strong>recensebimus.</strong></span> 
     </span>
    </p>
   </div>
   <div class='ocr_carea' id='block_1_4' title="bbox 150 1355 1452 4362">
    <p class='ocr_par' dir='ltr' id='par_1_4' title="bbox 358 1355 1329 1445">
     <span class='ocr_line' id='line_1_9' title="bbox 358 1355 1329 1445; baseline 0 -21"><span class='ocrx_word' id='word_1_54' title='bbox 358 1363 552 1424; x_wconf 70' lang='grc' dir='ltr'><strong>ι*ΐιιιιιιιιιιιι</strong></span> <span class='ocrx_word' id='word_1_55' title='bbox 572 1360 699 1445; x_wconf 82' lang='lat' dir='ltr'><strong>quidem</strong></span> <span class='ocrx_word' id='word_1_56' title='bbox 721 1357 780 1420; x_wconf 71' lang='lat' dir='ltr'><strong>titia</strong></span> <span class='ocrx_word' id='word_1_57' title='bbox 796 1355 960 1420; x_wconf 83' lang='lat' dir='ltr'><strong>eorifilium</strong></span> <span class='ocrx_word' id='word_1_58' title='bbox 981 1377 1149 1424; x_wconf 81' lang='lat' dir='ltr'><strong>commune</strong></span> <span class='ocrx_word' id='word_1_59' title='bbox 1170 1376 1237 1423; x_wconf 86' lang='lat' dir='ltr'><strong>erat</strong></span> <span class='ocrx_word' id='word_1_60' title='bbox 1256 1381 1329 1424; x_wconf 85' lang='lat' dir='ltr'><strong>cum</strong></span> 
     </span>
    </p>

    <p class='ocr_par' dir='ltr' id='par_1_5' title="bbox 150 1464 1452 1659">
     <span class='ocr_line' id='line_1_10' title="bbox 150 1464 1330 1548; baseline 0 -22"><span class='ocrx_word' id='word_1_61' title='bbox 150 1511 153 1526; x_wconf 89' lang='lat'><strong>.</strong></span> <span class='ocrx_word' id='word_1_62' title='bbox 273 1467 433 1534; x_wconf 80' lang='lat' dir='ltr'><strong>&#39;omnibus</strong></span> <span class='ocrx_word' id='word_1_63' title='bbox 458 1469 559 1548; x_wconf 88' lang='lat' dir='ltr'><strong>poetia</strong></span> <span class='ocrx_word' id='word_1_64' title='bbox 581 1465 725 1526; x_wconf 83' lang='lat' dir='ltr'><strong>satiricis:</strong></span> <span class='ocrx_word' id='word_1_65' title='bbox 762 1477 795 1524; x_wconf 89' lang='lat' dir='ltr'><strong>et</strong></span> <span class='ocrx_word' id='word_1_66' title='bbox 816 1465 930 1526; x_wconf 89' lang='lat' dir='ltr'><strong>docere</strong></span> <span class='ocrx_word' id='word_1_67' title='bbox 953 1475 984 1524; x_wconf 89' lang='lat' dir='ltr'><strong>ct</strong></span> <span class='ocrx_word' id='word_1_68' title='bbox 1005 1464 1178 1538; x_wconf 73' lang='lat' dir='ltr'><strong>delectare,</strong></span> <span class='ocrx_word' id='word_1_69' title='bbox 1210 1485 1330 1526; x_wconf 75' lang='lat' dir='ltr'><strong>mores·</strong></span> 
     </span>
     <span class='ocr_line' id='line_1_11' title="bbox 172 1564 1452 1659; baseline -0.003 -25"><span class='ocrx_word' id='word_1_70' title='bbox 172 1593 179 1604; x_wconf 94' lang='lat'>·</span> <span class='ocrx_word' id='word_1_71' title='bbox 240 1587 255 1621; x_wconf 73' lang='lat'><em>⁶</em></span> <span class='ocrx_word' id='word_1_72' title='bbox 288 1593 351 1659; x_wconf 84' lang='lat' dir='ltr'><strong>que</strong></span> <span class='ocrx_word' id='word_1_73' title='bbox 374 1571 536 1632; x_wconf 87' lang='lat' dir='ltr'><strong>hominum</strong></span> <span class='ocrx_word' id='word_1_74' title='bbox 560 1580 718 1652; x_wconf 79' lang='lat' dir='ltr'><strong>tamquam</strong></span> <span class='ocrx_word' id='word_1_75' title='bbox 739 1569 772 1626; x_wconf 89' lang='lat' dir='ltr'><strong>in</strong></span> <span class='ocrx_word' id='word_1_76' title='bbox 794 1569 882 1648; x_wconf 77' lang='lat' dir='ltr'><strong>picta</strong></span> <span class='ocrx_word' id='word_1_77' title='bbox 903 1564 1008 1627; x_wconf 85' lang='lat' dir='ltr'><strong>tabula</strong></span> <span class='ocrx_word' id='word_1_78' title='bbox 1039 1565 1240 1641; x_wconf 85' lang='lat' dir='ltr'><strong>adumbrare,</strong></span> <span class='ocrx_word' id='word_1_79' title='bbox 1275 1565 1330 1630; x_wconf 77' lang='lat' dir='ltr'><strong>sert</strong></span> <span class='ocrx_word' id='word_1_80' title='bbox 1449 1573 1452 1580; x_wconf 89' lang='lat'>&#39;</span> 
     </span>
    </p>

    <p class='ocr_par' dir='ltr' id='par_1_6' title="bbox 222 1669 1330 1754">
     <span class='ocr_line' id='line_1_12' title="bbox 222 1669 1330 1754; baseline -0.005 -16"><span class='ocrx_word' id='word_1_81' title='bbox 222 1701 227 1710; x_wconf 89' lang='lat'><em>·</em></span> <span class='ocrx_word' id='word_1_82' title='bbox 290 1682 372 1739; x_wconf 86' lang='lat' dir='ltr'><strong>varia</strong></span> <span class='ocrx_word' id='word_1_83' title='bbox 397 1677 538 1747; x_wconf 84' lang='lat' dir='ltr'><strong>ratione,</strong></span> <span class='ocrx_word' id='word_1_84' title='bbox 577 1690 637 1752; x_wconf 91' lang='lat' dir='ltr'><strong>pro</strong></span> <span class='ocrx_word' id='word_1_85' title='bbox 663 1679 839 1750; x_wconf 80' lang='lat' dir='ltr'><strong>temporum</strong></span> <span class='ocrx_word' id='word_1_86' title='bbox 861 1673 1123 1754; x_wconf 78' lang='lat' dir='ltr'><strong>ingeniorumque</strong></span> <span class='ocrx_word' id='word_1_87' title='bbox 1144 1669 1330 1748; x_wconf 75' lang='lat' dir='ltr'><strong>diversitate,</strong></span> 
     </span>
    </p>

    <p class='ocr_par' dir='ltr' id='par_1_7' title="bbox 290 1769 1367 1857">
     <span class='ocr_line' id='line_1_13' title="bbox 290 1769 1367 1857; baseline -0.005 -16"><span class='ocrx_word' id='word_1_88' title='bbox 290 1778 492 1842; x_wconf 83' lang='lat' dir='ltr'><strong>conabantur.</strong></span> <span class='ocrx_word' id='word_1_89' title='bbox 547 1772 629 1832; x_wconf 87' lang='lat' dir='ltr'><strong>Nam</strong></span> <span class='ocrx_word' id='word_1_90' title='bbox 653 1769 778 1857; x_wconf 74' lang='lat' dir='ltr'><strong>Augusti</strong></span> <span class='ocrx_word' id='word_1_91' title='bbox 800 1789 918 1847; x_wconf 86' lang='lat' dir='ltr'><strong>aetate,</strong></span> <span class='ocrx_word' id='word_1_92' title='bbox 950 1771 1043 1833; x_wconf 74' lang='lat' dir='ltr'><strong>rebus</strong></span> <span class='ocrx_word' id='word_1_93' title='bbox 1067 1771 1169 1834; x_wconf 83' lang='lat' dir='ltr'><strong>adhuc</strong></span> <span class='ocrx_word' id='word_1_94' title='bbox 1188 1775 1275 1835; x_wconf 80' lang='lat' dir='ltr'><strong>laetis</strong></span> <span class='ocrx_word' id='word_1_95' title='bbox 1298 1789 1331 1836; x_wconf 86' lang='lat' dir='ltr'><strong>et</strong></span> <span class='ocrx_word' id='word_1_96' title='bbox 1361 1835 1367 1846; x_wconf 85' lang='grc'>,</span> 
     </span>
    </p>

    <p class='ocr_par' dir='ltr' id='par_1_8' title="bbox 291 1867 1331 1964">
     <span class='ocr_line' id='line_1_14' title="bbox 291 1867 1331 1964; baseline -0.004 -20"><span class='ocrx_word' id='word_1_97' title='bbox 291 1867 439 1964; x_wconf 74' lang='lat' dir='ltr'><strong>imperio&#39;</strong></span> <span class='ocrx_word' id='word_1_98' title='bbox 455 1875 638 1962; x_wconf 72' lang='lat' dir='ltr'>legibusque</span> <span class='ocrx_word' id='word_1_99' title='bbox 667 1871 862 1960; x_wconf 73' lang='lat' dir='ltr'><strong>uigentibus,¹</strong></span> <span class='ocrx_word' id='word_1_100' title='bbox 895 1875 997 1938; x_wconf 85' lang='lat' dir='ltr'><strong>ridere</strong></span> <span class='ocrx_word' id='word_1_101' title='bbox 1025 1875 1155 1956; x_wconf 76' lang='lat' dir='ltr'><strong>licebat3</strong></span> <span class='ocrx_word' id='word_1_102' title='bbox 1194 1877 1331 1941; x_wconf 67' lang='lat' dir='ltr'><strong>Neronis</strong></span> 
     </span>
    </p>

    <p class='ocr_par' dir='ltr' id='par_1_9' title="bbox 290 1964 1331 2063">
     <span class='ocr_line' id='line_1_15' title="bbox 290 1964 1331 2063; baseline -0.004 -16"><span class='ocrx_word' id='word_1_103' title='bbox 290 2005 367 2048; x_wconf 79' lang='lat' dir='ltr'><strong>vero</strong></span> <span class='ocrx_word' id='word_1_104' title='bbox 387 1999 418 2044; x_wconf 88' lang='lat' dir='ltr'><strong>et</strong></span> <span class='ocrx_word' id='word_1_105' title='bbox 432 1964 606 2042; x_wconf 82' lang='lat' dir='ltr'><strong>Domitiani</strong></span> <span class='ocrx_word' id='word_1_106' title='bbox 624 1979 832 2062; x_wconf 81' lang='lat' dir='ltr'><strong>temporibut,</strong></span> <span class='ocrx_word' id='word_1_107' title='bbox 855 2000 952 2063; x_wconf 89' lang='lat' dir='ltr'><strong>quum</strong></span> <span class='ocrx_word' id='word_1_108' title='bbox 972 1985 1078 2040; x_wconf 89' lang='lat' dir='ltr'><strong>omnia</strong></span> <span class='ocrx_word' id='word_1_109' title='bbox 1098 1976 1217 2062; x_wconf 83' lang='lat' dir='ltr'><strong>pessum</strong></span> <span class='ocrx_word' id='word_1_110' title='bbox 1238 1986 1331 2057; x_wconf 84' lang='lat' dir='ltr'><strong>irent,</strong></span> 
     </span>
    </p>

    <p class='ocr_par' dir='ltr' id='par_1_10' title="bbox 291 2080 1333 2176">
     <span class='ocr_line' id='line_1_16' title="bbox 291 2080 1333 2176; baseline -0.002 -26"><span class='ocrx_word' id='word_1_111' title='bbox 291 2093 429 2168; x_wconf 74' lang='lat' dir='ltr'><strong>vitiaque</strong></span> <span class='ocrx_word' id='word_1_112' title='bbox 450 2089 484 2145; x_wconf 87' lang='grc' dir='ltr'><strong>ιιι</strong></span> <span class='ocrx_word' id='word_1_113' title='bbox 503 2085 667 2164; x_wconf 83' lang='lat' dir='ltr'><strong>praecipiti</strong></span> <span class='ocrx_word' id='word_1_114' title='bbox 689 2087 752 2143; x_wconf 87' lang='lat' dir='ltr'><strong>iam</strong></span> <span class='ocrx_word' id='word_1_115' title='bbox 771 2080 884 2176; x_wconf 78' lang='lat' dir='ltr'><strong>starent</strong></span> <span class='ocrx_word' id='word_1_116' title='bbox 911 2097 943 2144; x_wconf 86' lang='lat' dir='ltr'><strong>et</strong></span> <span class='ocrx_word' id='word_1_117' title='bbox 972 2081 1091 2144; x_wconf 76' lang='lat' dir='ltr'><strong>acribus</strong></span> <span class='ocrx_word' id='word_1_118' title='bbox 1114 2099 1166 2144; x_wconf 86' lang='lat' dir='ltr'><strong>aut</strong></span> <span class='ocrx_word' id='word_1_119' title='bbox 1188 2085 1333 2148; x_wconf 79' lang='lat' dir='ltr'><strong>violentia</strong></span> 
     </span>
    </p>

    <p class='ocr_par' dir='ltr' id='par_1_11' title="bbox 292 2183 1333 2291">
     <span class='ocr_line' id='line_1_17' title="bbox 292 2183 1333 2291; baseline -0.007 -41"><span class='ocrx_word' id='word_1_120' title='bbox 292 2202 424 2291; x_wconf 77' lang='lat' dir='ltr'>egerent</span> <span class='ocrx_word' id='word_1_121' title='bbox 450 2187 614 2259; x_wconf 72' lang='lat' dir='ltr'>remediis,</span> <span class='ocrx_word' id='word_1_122' title='bbox 649 2185 698 2264; x_wconf 83' lang='grc' dir='ltr'><strong>(ν.</strong></span> <span class='ocrx_word' id='word_1_123' title='bbox 725 2185 984 2265; x_wconf 76' lang='lat' dir='ltr'><strong>Iuvenal.1‚45</strong></span> <span class='ocrx_word' id='word_1_124' title='bbox 1007 2184 1048 2270; x_wconf 89' lang='lat' dir='ltr'><strong>sq</strong></span> <span class='ocrx_word' id='word_1_125' title='bbox 1086 2189 1127 2251; x_wconf 79' lang='lat'><strong>63</strong></span> <span class='ocrx_word' id='word_1_126' title='bbox 1149 2183 1190 2270; x_wconf 91' lang='lat' dir='ltr'><strong>sq</strong></span> <span class='ocrx_word' id='word_1_127' title='bbox 1225 2189 1267 2268; x_wconf 78' lang='lat'><strong>73</strong></span> <span class='ocrx_word' id='word_1_128' title='bbox 1290 2188 1333 2271; x_wconf 84' lang='lat' dir='ltr'><strong>sq.</strong></span> 
     </span>
    </p>

    <p class='ocr_par' dir='ltr' id='par_1_12' title="bbox 296 2279 1334 2390">
     <span class='ocr_line' id='line_1_18' title="bbox 296 2279 1334 2390; baseline 0 -40"><span class='ocrx_word' id='word_1_129' title='bbox 296 2279 593 2390; x_wconf 69' lang='lat' dir='ltr'><strong>14&#39;7sq.11,251i1</strong></span> <span class='ocrx_word' id='word_1_130' title='bbox 619 2285 737 2372; x_wconf 79' lang='lat' dir='ltr'><strong>tzrsq.</strong></span> <span class='ocrx_word' id='word_1_131' title='bbox 765 2291 822 2352; x_wconf 81' lang='lat'><strong>162</strong></span> <span class='ocrx_word' id='word_1_132' title='bbox 840 2289 880 2374; x_wconf 90' lang='lat' dir='ltr'><strong>sq</strong></span> <span class='ocrx_word' id='word_1_133' title='bbox 903 2288 957 2362; x_wconf 86' lang='lat'>111,</span> <span class='ocrx_word' id='word_1_134' title='bbox 981 2287 1201 2373; x_wconf 79' lang='lat' dir='ltr'><strong>tbosq)rrsu</strong></span> <span class='ocrx_word' id='word_1_135' title='bbox 1221 2307 1334 2372; x_wconf 73' lang='lat' dir='ltr'><strong>paron</strong></span> 
     </span>
    </p>

    <p class='ocr_par' dir='ltr' id='par_1_13' title="bbox 219 2387 1334 2480">
     <span class='ocr_line' id='line_1_19' title="bbox 219 2387 1334 2480; baseline 0 -24"><span class='ocrx_word' id='word_1_136' title='bbox 219 2389 224 2404; x_wconf 82' lang='lat'>&#39;</span> <span class='ocrx_word' id='word_1_137' title='bbox 293 2393 532 2478; x_wconf 71' lang='lat' dir='ltr'><strong>proiciebatur,</strong></span> <span class='ocrx_word' id='word_1_138' title='bbox 573 2409 607 2452; x_wconf 85' lang='lat' dir='ltr'><strong>ct</strong></span> <span class='ocrx_word' id='word_1_139' title='bbox 633 2389 725 2472; x_wconf 86' lang='lat' dir='ltr'><strong>probi</strong></span> <span class='ocrx_word' id='word_1_140' title='bbox 752 2389 957 2477; x_wconf 85' lang='lat' dir='ltr'><strong>sapientirque</strong></span> <span class='ocrx_word' id='word_1_141' title='bbox 979 2387 1112 2452; x_wconf 86' lang='lat' dir='ltr'><strong>bominis</strong></span> <span class='ocrx_word' id='word_1_142' title='bbox 1130 2411 1217 2453; x_wconf 82' lang='lat' dir='ltr'><strong>ment</strong></span> <span class='ocrx_word' id='word_1_143' title='bbox 1239 2413 1334 2480; x_wconf 62' lang='lat' dir='ltr'><strong>ange*</strong></span> 
     </span>
    </p>

    <p class='ocr_par' dir='ltr' id='par_1_14' title="bbox 295 2491 1334 2580">
     <span class='ocr_line' id='line_1_20' title="bbox 295 2491 1334 2580; baseline 0 -21"><span class='ocrx_word' id='word_1_144' title='bbox 295 2497 389 2559; x_wconf 87' lang='lat' dir='ltr'><strong>batur</strong></span> <span class='ocrx_word' id='word_1_145' title='bbox 418 2495 548 2571; x_wconf 86' lang='lat' dir='ltr'><strong>dolore,</strong></span> <span class='ocrx_word' id='word_1_146' title='bbox 588 2498 643 2576; x_wconf 82' lang='lat' dir='ltr'><strong>qui</strong></span> <span class='ocrx_word' id='word_1_147' title='bbox 665 2493 720 2554; x_wconf 87' lang='lat' dir='ltr'><strong>diu</strong></span> <span class='ocrx_word' id='word_1_148' title='bbox 742 2493 865 2579; x_wconf 84' lang='lat' dir='ltr'><strong>alteque</strong></span> <span class='ocrx_word' id='word_1_149' title='bbox 886 2491 1002 2578; x_wconf 83' lang='lat' dir='ltr'><strong>pressus</strong></span> <span class='ocrx_word' id='word_1_150' title='bbox 1024 2497 1064 2557; x_wconf 86' lang='lat' dir='ltr'><strong>ad</strong></span> <span class='ocrx_word' id='word_1_151' title='bbox 1084 2497 1334 2580; x_wconf 64' lang='lat' dir='ltr'><strong>indignationem</strong></span> 
     </span>
    </p>

    <p class='ocr_par' dir='ltr' id='par_1_15' title="bbox 291 2587 1334 2685">
     <span class='ocr_line' id='line_1_21' title="bbox 291 2587 1334 2685; baseline 0.003 -24"><span class='ocrx_word' id='word_1_152' title='bbox 291 2613 330 2662; x_wconf 82' lang='lat' dir='ltr'><strong>et</strong></span> <span class='ocrx_word' id='word_1_153' title='bbox 348 2604 426 2660; x_wconf 87' lang='lat' dir='ltr'><strong>iram</strong></span> <span class='ocrx_word' id='word_1_154' title='bbox 445 2595 669 2658; x_wconf 72' lang='lat' dir='ltr'><strong>exardescebat.</strong></span> <span class='ocrx_word' id='word_1_155' title='bbox 711 2587 874 2660; x_wconf 75' lang='lat' dir='ltr'><strong>Praeterea</strong></span> <span class='ocrx_word' id='word_1_156' title='bbox 894 2591 1014 2660; x_wconf 83' lang='lat' dir='ltr'><strong>Horatii</strong></span> <span class='ocrx_word' id='word_1_157' title='bbox 1032 2603 1193 2682; x_wconf 75' lang='lat' dir='ltr'><strong>ingenium</strong></span> <span class='ocrx_word' id='word_1_158' title='bbox 1207 2597 1334 2685; x_wconf 76' lang='lat' dir='ltr'><strong>elegan-</strong></span> 
     </span>
    </p>

    <p class='ocr_par' dir='ltr' id='par_1_16' title="bbox 294 2699 1333 2796">
     <span class='ocr_line' id='line_1_22' title="bbox 294 2699 1333 2796; baseline -0.001 -31"><span class='ocrx_word' id='word_1_159' title='bbox 294 2699 479 2764; x_wconf 80' lang='lat' dir='ltr'><strong>tissimorum</strong></span> <span class='ocrx_word' id='word_1_160' title='bbox 500 2704 739 2796; x_wconf 69' lang='lat' dir='ltr'><strong>prinqipumque</strong></span> <span class='ocrx_word' id='word_1_161' title='bbox 760 2704 896 2764; x_wconf 86' lang='lat' dir='ltr'><strong>virorum</strong></span> <span class='ocrx_word' id='word_1_162' title='bbox 924 2703 1134 2765; x_wconf 74' lang='lat' dir='ltr'><strong>familiaritate</strong></span> <span class='ocrx_word' id='word_1_163' title='bbox 1162 2702 1333 2780; x_wconf 80' lang='lat' dir='ltr'><strong>subactum,</strong></span> 
     </span>
    </p>

    <p class='ocr_par' dir='ltr' id='par_1_17' title="bbox 204 2801 1335 2890">
     <span class='ocr_line' id='line_1_23' title="bbox 204 2801 1335 2890; baseline 0.003 -25"><span class='ocrx_word' id='word_1_164' title='bbox 204 2859 208 2865; x_wconf 92' lang='lat'><strong>.</strong></span> <span class='ocrx_word' id='word_1_165' title='bbox 294 2817 331 2868; x_wconf 82' lang='lat' dir='ltr'><strong>et</strong></span> <span class='ocrx_word' id='word_1_166' title='bbox 365 2805 408 2865; x_wconf 88' lang='lat' dir='ltr'><strong>ad</strong></span> <span class='ocrx_word' id='word_1_167' title='bbox 435 2801 620 2864; x_wconf 85' lang='lat' dir='ltr'><strong>bilaritatem</strong></span> <span class='ocrx_word' id='word_1_168' title='bbox 648 2802 829 2886; x_wconf 81' lang='lat' dir='ltr'><strong>propenfius</strong></span> <span class='ocrx_word' id='word_1_169' title='bbox 858 2820 924 2866; x_wconf 84' lang='lat' dir='ltr'><strong>erat</strong></span> <span class='ocrx_word' id='word_1_170' title='bbox 953 2809 1046 2888; x_wconf 80' lang='lat' dir='ltr'><strong>quam</strong></span> <span class='ocrx_word' id='word_1_171' title='bbox 1075 2807 1114 2866; x_wconf 94' lang='lat' dir='ltr'><strong>ad</strong></span> <span class='ocrx_word' id='word_1_172' title='bbox 1143 2811 1335 2890; x_wconf 85' lang='lat' dir='ltr'><strong>gravitatem.</strong></span> 
     </span>
    </p>

    <p class='ocr_par' dir='ltr' id='par_1_18' title="bbox 296 2903 1335 2994">
     <span class='ocr_line' id='line_1_24' title="bbox 296 2903 1335 2994; baseline -0.003 -23"><span class='ocrx_word' id='word_1_173' title='bbox 296 2907 386 2972; x_wconf 84' lang='lat' dir='ltr'>Idem</span> <span class='ocrx_word' id='word_1_174' title='bbox 416 2925 545 2992; x_wconf 84' lang='lat' dir='ltr'><strong>quoque</strong></span> <span class='ocrx_word' id='word_1_175' title='bbox 573 2903 740 2967; x_wconf 84' lang='lat' dir='ltr'><strong>censoriam</strong></span> <span class='ocrx_word' id='word_1_176' title='bbox 767 2906 848 2968; x_wconf 83' lang='lat' dir='ltr'><strong>sorte</strong></span> <span class='ocrx_word' id='word_1_177' title='bbox 872 2907 1072 2969; x_wconf 75' lang='lat' dir='ltr'><strong>acerbitatem</strong></span> <span class='ocrx_word' id='word_1_178' title='bbox 1099 2910 1164 2994; x_wconf 87' lang='lat' dir='ltr'><strong>ipse</strong></span> <span class='ocrx_word' id='word_1_179' title='bbox 1193 2909 1335 2972; x_wconf 80' lang='lat' dir='ltr'><strong>reserati.</strong></span> 
     </span>
    </p>

    <p class='ocr_par' dir='ltr' id='par_1_19' title="bbox 151 3007 1337 3095">
     <span class='ocr_line' id='line_1_25' title="bbox 151 3007 1337 3095; baseline 0.002 -19"><span class='ocrx_word' id='word_1_180' title='bbox 151 3033 169 3088; x_wconf 65' lang='lat'><strong>¹,</strong></span> <span class='ocrx_word' id='word_1_181' title='bbox 295 3011 413 3090; x_wconf 83' lang='lat' dir='ltr'><strong>dabat;</strong></span> <span class='ocrx_word' id='word_1_182' title='bbox 451 3025 484 3072; x_wconf 84' lang='lat' dir='ltr'><strong>et</strong></span> <span class='ocrx_word' id='word_1_183' title='bbox 513 3015 600 3077; x_wconf 75' lang='lat' dir='ltr'><strong>vario</strong></span> <span class='ocrx_word' id='word_1_184' title='bbox 626 3031 730 3071; x_wconf 86' lang='lat' dir='ltr'><strong>remur</strong></span> <span class='ocrx_word' id='word_1_185' title='bbox 757 3007 814 3070; x_wconf 88' lang='lat' dir='ltr'><strong>usu</strong></span> <span class='ocrx_word' id='word_1_186' title='bbox 833 3014 1006 3095; x_wconf 83' lang='lat' dir='ltr'><strong>intimaque</strong></span> <span class='ocrx_word' id='word_1_187' title='bbox 1026 3027 1157 3074; x_wconf 82' lang='lat' dir='ltr'><strong>naturae</strong></span> <span class='ocrx_word' id='word_1_188' title='bbox 1179 3013 1337 3078; x_wconf 74' lang='lat' dir='ltr'><strong>humanae</strong></span> 
     </span>
    </p>

    <p class='ocr_par' dir='ltr' id='par_1_20' title="bbox 204 3103 1337 3199">
     <span class='ocr_line' id='line_1_26' title="bbox 204 3103 1337 3199; baseline 0 -21"><span class='ocrx_word' id='word_1_189' title='bbox 204 3103 208 3109; x_wconf 39' lang='lat'>¹</span> <span class='ocrx_word' id='word_1_190' title='bbox 295 3117 481 3199; x_wconf 73' lang='lat' dir='ltr'><strong>cognitione</strong></span> <span class='ocrx_word' id='word_1_191' title='bbox 501 3111 635 3174; x_wconf 80' lang='lat' dir='ltr'><strong>imbutus</strong></span> <span class='ocrx_word' id='word_1_192' title='bbox 658 3115 829 3190; x_wconf 74' lang='lat' dir='ltr'><strong>didicerat,</strong></span> <span class='ocrx_word' id='word_1_193' title='bbox 851 3130 916 3176; x_wconf 84' lang='lat' dir='ltr'><strong>tum</strong></span> <span class='ocrx_word' id='word_1_194' title='bbox 937 3115 1093 3178; x_wconf 76' lang='lat' dir='ltr'><strong>erroribus</strong></span> <span class='ocrx_word' id='word_1_195' title='bbox 1112 3131 1145 3176; x_wconf 92' lang='lat' dir='ltr'><strong>et</strong></span> <span class='ocrx_word' id='word_1_196' title='bbox 1167 3119 1262 3176; x_wconf 87' lang='lat' dir='ltr'><strong>animi</strong></span> <span class='ocrx_word' id='word_1_197' title='bbox 1284 3117 1337 3178; x_wconf 82' lang='lat' dir='ltr'><strong>vel</strong></span> 
     </span>
    </p>

    <p class='ocr_par' dir='ltr' id='par_1_21' title="bbox 175 3215 1337 3308">
     <span class='ocr_line' id='line_1_27' title="bbox 175 3215 1337 3308; baseline -0.002 -28"><span class='ocrx_word' id='word_1_198' title='bbox 175 3215 178 3220; x_wconf 73' lang='grc'><strong>’</strong></span> <span class='ocrx_word' id='word_1_199' title='bbox 204 3255 209 3265; x_wconf 80' lang='lat'><em>,</em></span> <span class='ocrx_word' id='word_1_200' title='bbox 295 3218 423 3308; x_wconf 73' lang='lat' dir='ltr'><strong>levitate</strong></span> <span class='ocrx_word' id='word_1_201' title='bbox 444 3216 496 3277; x_wconf 85' lang='lat' dir='ltr'><strong>vel</strong></span> <span class='ocrx_word' id='word_1_202' title='bbox 516 3217 693 3278; x_wconf 80' lang='lat' dir='ltr'><strong>infirmitate</strong></span> <span class='ocrx_word' id='word_1_203' title='bbox 711 3217 819 3299; x_wconf 85' lang='lat' dir='ltr'><strong>plura,</strong></span> <span class='ocrx_word' id='word_1_204' title='bbox 848 3222 1027 3298; x_wconf 73' lang='lat' dir='ltr'><strong>quamciua</strong></span> <span class='ocrx_word' id='word_1_205' title='bbox 1047 3223 1217 3300; x_wconf 82' lang='lat' dir='ltr'><strong>pravitate,</strong></span> <span class='ocrx_word' id='word_1_206' title='bbox 1250 3216 1337 3304; x_wconf 74' lang='lat' dir='ltr'><strong>gigni</strong></span> 
     </span>
    </p>

    <p class='ocr_par' dir='ltr' id='par_1_22' title="bbox 214 3317 1335 3402">
     <span class='ocr_line' id='line_1_28' title="bbox 214 3317 1335 3402; baseline 0 -20"><span class='ocrx_word' id='word_1_207' title='bbox 214 3382 220 3395; x_wconf 75' lang='grc'><em>,</em></span> <span class='ocrx_word' id='word_1_208' title='bbox 295 3323 390 3394; x_wconf 80' lang='lat' dir='ltr'><strong>vitia,</strong></span> <span class='ocrx_word' id='word_1_209' title='bbox 424 3334 491 3380; x_wconf 88' lang='lat' dir='ltr'><strong>turn</strong></span> <span class='ocrx_word' id='word_1_210' title='bbox 509 3319 614 3380; x_wconf 86' lang='lat' dir='ltr'><strong>¹sacilia</strong></span> <span class='ocrx_word' id='word_1_211' title='bbox 636 3319 774 3381; x_wconf 86' lang='lat' dir='ltr'><strong>remedia</strong></span> <span class='ocrx_word' id='word_1_212' title='bbox 803 3317 893 3402; x_wconf 81' lang='lat' dir='ltr'><strong>saepe</strong></span> <span class='ocrx_word' id='word_1_213' title='bbox 924 3320 1092 3383; x_wconf 82' lang='lat' dir='ltr'><strong>salubriora</strong></span> <span class='ocrx_word' id='word_1_214' title='bbox 1121 3317 1181 3383; x_wconf 78' lang='lat' dir='ltr'><strong>eise</strong></span> <span class='ocrx_word' id='word_1_215' title='bbox 1209 3338 1241 3383; x_wconf 87' lang='lat' dir='ltr'><strong>et</strong></span> <span class='ocrx_word' id='word_1_216' title='bbox 1269 3319 1335 3383; x_wconf 86' lang='lat' dir='ltr'><strong>effi·</strong></span> 
     </span>
    </p>

    <p class='ocr_par' dir='ltr' id='par_1_23' title="bbox 294 3407 1334 3506">
     <span class='ocr_line' id='line_1_29' title="bbox 294 3407 1334 3506; baseline 0.001 -21"><span class='ocrx_word' id='word_1_217' title='bbox 294 3433 417 3486; x_wconf 89' lang='lat' dir='ltr'><strong>caciora</strong></span> <span class='ocrx_word' id='word_1_218' title='bbox 440 3421 692 3497; x_wconf 84' lang='lat' dir='ltr'><strong>vehementibus,</strong></span> <span class='ocrx_word' id='word_1_219' title='bbox 729 3434 796 3483; x_wconf 89' lang='lat' dir='ltr'><strong>tum</strong></span> <span class='ocrx_word' id='word_1_220' title='bbox 816 3419 905 3483; x_wconf 79' lang='lat' dir='ltr'><strong>satius</strong></span> <span class='ocrx_word' id='word_1_221' title='bbox 934 3419 1013 3500; x_wconf 79' lang='lat' dir='ltr'><strong>ess&#39;e,</strong></span> <span class='ocrx_word' id='word_1_222' title='bbox 1048 3407 1184 3506; x_wconf 80' lang='lat' dir='ltr'><strong>tempori</strong></span> <span class='ocrx_word' id='word_1_223' title='bbox 1211 3423 1334 3500; x_wconf 84' lang='lat' dir='ltr'><strong>servire,</strong></span> 
     </span>
    </p>

    <p class='ocr_par' dir='ltr' id='par_1_24' title="bbox 295 3507 1336 3614">
     <span class='ocr_line' id='line_1_30' title="bbox 295 3507 1336 3614; baseline 0 -24"><span class='ocrx_word' id='word_1_224' title='bbox 295 3541 329 3590; x_wconf 87' lang='lat' dir='ltr'><strong>et</strong></span> <span class='ocrx_word' id='word_1_225' title='bbox 348 3547 450 3588; x_wconf 82' lang='lat' dir='ltr'><strong>mores</strong></span> <span class='ocrx_word' id='word_1_226' title='bbox 472 3525 633 3588; x_wconf 82' lang='lat' dir='ltr'><strong>hominurn</strong></span> <span class='ocrx_word' id='word_1_227' title='bbox 653 3525 828 3590; x_wconf 83' lang='lat' dir='ltr'><strong>humaniter</strong></span> <span class='ocrx_word' id='word_1_228' title='bbox 851 3507 1071 3610; x_wconf 79' lang='lat' dir='ltr'><strong>patienterque</strong></span> <span class='ocrx_word' id='word_1_229' title='bbox 1099 3528 1198 3602; x_wconf 83' lang='lat' dir='ltr'><strong>ferre,</strong></span> <span class='ocrx_word' id='word_1_230' title='bbox 1238 3545 1336 3614; x_wconf 82' lang='lat' dir='ltr'><strong>quana</strong></span> 
     </span>
    </p>

    <p class='ocr_par' dir='ltr' id='par_1_25' title="bbox 294 3625 1337 3720">
     <span class='ocr_line' id='line_1_31' title="bbox 294 3625 1337 3720; baseline 0.002 -27"><span class='ocrx_word' id='word_1_231' title='bbox 294 3633 387 3693; x_wconf 81' lang='lat' dir='ltr'><strong>nimia</strong></span> <span class='ocrx_word' id='word_1_232' title='bbox 410 3649 511 3691; x_wconf 88' lang='lat' dir='ltr'><strong>acrem</strong></span> <span class='ocrx_word' id='word_1_233' title='bbox 533 3625 642 3692; x_wconf 81' lang='lat' dir='ltr'><strong>eorum</strong></span> <span class='ocrx_word' id='word_1_234' title='bbox 664 3629 941 3694; x_wconf 84' lang='lat' dir='ltr'><strong>animadversorem</strong></span> <span class='ocrx_word' id='word_1_235' title='bbox 970 3629 1169 3720; x_wconf 79' lang='lat' dir='ltr'><strong>iudicemque</strong></span> <span class='ocrx_word' id='word_1_236' title='bbox 1197 3631 1337 3694; x_wconf 83' lang='lat' dir='ltr'><strong>severum</strong></span> 
     </span>
    </p>

    <p class='ocr_par' dir='ltr' id='par_1_26' title="bbox 294 3729 1335 3818">
     <span class='ocr_line' id='line_1_32' title="bbox 294 3729 1335 3818; baseline 0.002 -22"><span class='ocrx_word' id='word_1_237' title='bbox 294 3729 374 3806; x_wconf 62' lang='lat' dir='ltr'><strong>esse,</strong></span> <span class='ocrx_word' id='word_1_238' title='bbox 412 3749 444 3793; x_wconf 89' lang='lat' dir='ltr'><strong>ct</strong></span> <span class='ocrx_word' id='word_1_239' title='bbox 463 3731 504 3794; x_wconf 84' lang='lat' dir='ltr'><strong>stc</strong></span> <span class='ocrx_word' id='word_1_240' title='bbox 525 3741 628 3816; x_wconf 77' lang='lat' dir='ltr'><strong>potine</strong></span> <span class='ocrx_word' id='word_1_241' title='bbox 650 3730 815 3807; x_wconf 80' lang='lat' dir='ltr'><strong>seiiuitia,</strong></span> <span class='ocrx_word' id='word_1_242' title='bbox 853 3753 948 3818; x_wconf 87' lang='lat' dir='ltr'><strong>quam</strong></span> <span class='ocrx_word' id='word_1_243' title='bbox 971 3731 1029 3796; x_wconf 81' lang='lat' dir='ltr'><strong>boa</strong></span> <span class='ocrx_word' id='word_1_244' title='bbox 1050 3735 1117 3796; x_wconf 75' lang='lat' dir='ltr'><strong>ritu</strong></span> <span class='ocrx_word' id='word_1_245' title='bbox 1144 3735 1335 3798; x_wconf 71' lang='lat' dir='ltr'><strong>deridendos</strong></span> 
     </span>
    </p>

    <p class='ocr_par' dir='ltr' id='par_1_27' title="bbox 293 3835 1335 3922">
     <span class='ocr_line' id='line_1_33' title="bbox 293 3835 1335 3922; baseline 0.002 -27"><span class='ocrx_word' id='word_1_246' title='bbox 293 3839 473 3920; x_wconf 73' lang='lat' dir='ltr'><strong>propinare.</strong></span> <span class='ocrx_word' id='word_1_247' title='bbox 517 3837 586 3918; x_wconf 83' lang='lat' dir='ltr'><strong>(Cf.</strong></span> <span class='ocrx_word' id='word_1_248' title='bbox 608 3839 648 3898; x_wconf 90' lang='lat' dir='ltr'><strong>ei.</strong></span> <span class='ocrx_word' id='word_1_249' title='bbox 668 3835 731 3898; x_wconf 87' lang='lat' dir='ltr'><strong>Sat.</strong></span> <span class='ocrx_word' id='word_1_250' title='bbox 751 3835 777 3910; x_wconf 91' lang='lat'><strong>1‚·</strong></span> <span class='ocrx_word' id='word_1_251' title='bbox 801 3857 849 3910; x_wconf 86' lang='lat' dir='ltr'><strong>ro,</strong></span> <span class='ocrx_word' id='word_1_252' title='bbox 872 3841 1019 3920; x_wconf 84' lang='lat'><strong>7-15.)</strong></span> <span class='ocrx_word' id='word_1_253' title='bbox 1063 3839 1155 3921; x_wconf 89' lang='lat' dir='ltr'><strong>Quae</strong></span> <span class='ocrx_word' id='word_1_254' title='bbox 1173 3856 1281 3922; x_wconf 87' lang='lat' dir='ltr'><strong>quum</strong></span> <span class='ocrx_word' id='word_1_255' title='bbox 1286 3841 1335 3898; x_wconf 81' lang='lat' dir='ltr'><strong>ita</strong></span> 
     </span>
    </p>

    <p class='ocr_par' dir='ltr' id='par_1_28' title="bbox 294 3935 1335 4026">
     <span class='ocr_line' id='line_1_34' title="bbox 294 3935 1335 4026; baseline -0.001 -24"><span class='ocrx_word' id='word_1_256' title='bbox 294 3935 404 4013; x_wconf 77' lang='lat' dir='ltr'><strong>client,</strong></span> <span class='ocrx_word' id='word_1_257' title='bbox 426 3939 570 4003; x_wconf 72' lang='lat' dir='ltr'><strong>Horatius</strong></span> <span class='ocrx_word' id='word_1_258' title='bbox 591 3956 741 4001; x_wconf 82' lang='lat' dir='ltr'><strong>nontam</strong></span> <span class='ocrx_word' id='word_1_259' title='bbox 762 3943 835 4000; x_wconf 87' lang='lat' dir='ltr'><strong>vitia</strong></span> <span class='ocrx_word' id='word_1_260' title='bbox 855 3955 957 4016; x_wconf 86' lang='lat' dir='ltr'><strong>notat,</strong></span> <span class='ocrx_word' id='word_1_261' title='bbox 979 3961 1061 4024; x_wconf 85' lang='lat' dir='ltr'><strong>quae</strong></span> <span class='ocrx_word' id='word_1_262' title='bbox 1081 3939 1208 4026; x_wconf 86' lang='lat' dir='ltr'><strong>publice</strong></span> <span class='ocrx_word' id='word_1_263' title='bbox 1231 3937 1335 4002; x_wconf 87' lang='lat' dir='ltr'><strong>adbuc</strong></span> 
     </span>
    </p>

    <p class='ocr_par' dir='ltr' id='par_1_29' title="bbox 254 4029 1385 4330">
     <span class='ocr_line' id='line_1_35' title="bbox 254 4029 1385 4128; baseline 0.002 -22"><span class='ocrx_word' id='word_1_264' title='bbox 254 4029 258 4036; x_wconf 43' lang='lat'><strong>¹</strong></span> <span class='ocrx_word' id='word_1_265' title='bbox 294 4039 537 4121; x_wconf 70' lang='lat' dir='ltr'><strong>comebantur,</strong></span> <span class='ocrx_word' id='word_1_266' title='bbox 578 4065 670 4128; x_wconf 82' lang='lat' dir='ltr'><strong>quam</strong></span> <span class='ocrx_word' id='word_1_267' title='bbox 691 4029 848 4112; x_wconf 74' lang='lat' dir='ltr'><strong>stultitiam</strong></span> <span class='ocrx_word' id='word_1_268' title='bbox 870 4060 903 4105; x_wconf 87' lang='lat' dir='ltr'><strong>ct</strong></span> <span class='ocrx_word' id='word_1_269' title='bbox 923 4065 1044 4107; x_wconf 85' lang='lat' dir='ltr'><strong>errorea</strong></span> <span class='ocrx_word' id='word_1_270' title='bbox 1067 4042 1242 4119; x_wconf 85' lang='lat' dir='ltr'><strong>humanos,</strong></span> <span class='ocrx_word' id='word_1_271' title='bbox 1280 4047 1336 4128; x_wconf 83' lang='lat' dir='ltr'><strong>qur·</strong></span> <span class='ocrx_word' id='word_1_272' title='bbox 1376 4057 1385 4067; x_wconf 88' lang='grc'><strong>’</strong></span> 
     </span>
     <span class='ocr_line' id='line_1_36' title="bbox 292 4145 1337 4236; baseline -0.001 -27"><span class='ocrx_word' id='word_1_273' title='bbox 292 4151 406 4234; x_wconf 81' lang='lat' dir='ltr'><strong>poenis</strong></span> <span class='ocrx_word' id='word_1_274' title='bbox 427 4167 494 4212; x_wconf 87' lang='lat' dir='ltr'><strong>nott</strong></span> <span class='ocrx_word' id='word_1_275' title='bbox 509 4163 676 4236; x_wconf 76' lang='lat' dir='ltr'><strong>tenentur.</strong></span> <span class='ocrx_word' id='word_1_276' title='bbox 717 4147 830 4232; x_wconf 85' lang='lat' dir='ltr'><strong>Neque</strong></span> <span class='ocrx_word' id='word_1_277' title='bbox 852 4146 887 4208; x_wconf 86' lang='lat' dir='ltr'><strong>id</strong></span> <span class='ocrx_word' id='word_1_278' title='bbox 907 4145 1095 4230; x_wconf 85' lang='lat' dir='ltr'><strong>potiffimum</strong></span> <span class='ocrx_word' id='word_1_279' title='bbox 1118 4155 1198 4234; x_wconf 71' lang='lat' dir='ltr'><strong>agit,</strong></span> <span class='ocrx_word' id='word_1_280' title='bbox 1223 4163 1258 4210; x_wconf 89' lang='lat' dir='ltr'><strong>ut</strong></span> <span class='ocrx_word' id='word_1_281' title='bbox 1279 4145 1337 4208; x_wconf 87' lang='lat' dir='ltr'><strong>ho·</strong></span> 
     </span>
     <span class='ocr_line' id='line_1_37' title="bbox 294 4220 1335 4362; baseline 0.004 -50"><span class='ocrx_word' id='word_1_282' title='bbox 294 4252 430 4338; x_wconf 84' lang='lat' dir='ltr'><strong>minibus</strong></span> <span class='ocrx_word' id='word_1_283' title='bbox 452 4220 542 4318; x_wconf 77' lang='lat' dir='ltr'><strong>buius</strong></span> <span class='ocrx_word' id='word_1_284' title='bbox 565 4259 633 4318; x_wconf 85' lang='lat' dir='ltr'><strong>aevi</strong></span> <span class='ocrx_word' id='word_1_285' title='bbox 652 4252 701 4362; x_wconf 79' lang='lat' dir='ltr'><strong>rel</strong></span> <span class='ocrx_word' id='word_1_286' title='bbox 720 4249 868 4316; x_wconf 84' lang='lat' dir='ltr'><strong>ruborem</strong></span> <span class='ocrx_word' id='word_1_287' title='bbox 890 4253 1009 4330; x_wconf 83' lang='lat' dir='ltr'><strong>eiiciat,</strong></span> <span class='ocrx_word' id='word_1_288' title='bbox 1041 4253 1093 4318; x_wconf 88' lang='lat' dir='ltr'><strong>vei</strong></span> <span class='ocrx_word' id='word_1_289' title='bbox 1111 4260 1194 4318; x_wconf 74' lang='lat' dir='ltr'><strong>ritae</strong></span> <span class='ocrx_word' id='word_1_290' title='bbox 1214 4247 1335 4329; x_wconf 73' lang='lat' dir='ltr'><strong>offiuio‘·</strong></span> 
     </span>
    </p>
   </div>
   <div class='ocr_carea' id='block_1_5' title="bbox 0 0 1472 4954">
    <p class='ocr_par' dir='ltr' id='par_1_30' title="bbox 0 0 1472 4954">
     <span class='ocr_line' id='line_1_38' title="bbox 0 0 1472 4954; baseline 0 0"><span class='ocrx_word' id='word_1_291' title='bbox 0 0 1472 4954; x_wconf 95' lang='lat' dir='ltr'><strong> </strong></span> 
     </span>
    </p>
   </div>
  </div>
 </body>
</html>
