2924 4954
270 337 389 389 extvt
485 317 557 388 DE
584 312 695 386 SAT.
725 312 934 384 chlttt
957 315 1188 434 HoliATtll

271 537 354 602 quaa
376 508 529 575 honestari
551 515 707 574 contraris
727 509 822 587 liant,
843 511 998 574 obscoene
1017 531 1110 586 vero,
1134 527 1317 594 quaeruu-

271 619 352 684 ream
365 629 540 690 moveant,
582 618 621 676 ed
645 613 811 678 honestatis
834 631 865 678 et
890 615 1011 680 decoris
1033 621 1094 678 vim
1116 629 1149 676 et
1169 611 1319 698 fignifica-

246 727 410 799 ¹tiouerrr,
441 737 535 802 quern
556 715 694 804 lingulae
718 735 835 782 aetates
858 715 1051 782 eonliitutaur
1081 717 1251 792 habereut,
1285 729 1319 780 et

273 825 462 904 adpetitum
486 819 624 884 sensnum
646 821 792 884 iudicium
812 821 1072 907 humanitatisque
1093 821 1221 893 cultum,
1250 839 1317 904 quo

271 929 325 990 uel
347 923 482 986 destituti
503 920 600 984 eliens
621 923 779 996 hommes,
815 925 865 986 rel
886 926 1089 1000 excellerent,
1125 943 1252 987 omnem
1275 924 1317 986 de

275 1030 336 1093 hec
372 1049 406 1089 re
445 1027 685 1108 disputationem
718 1024 779 1088 elle
815 1027 1044 1102 reserandam..
1088 1027 1316 1090 Obicoenitatie

275 1137 362 1196 enirn
382 1147 415 1192 et
434 1129 596 1194 dedecoris
616 1135 660 1190 vir
683 1145 715 1191 et
732 1127 869 1212 potestas
889 1127 1088 1206 hominibus,
1110 1135 1145 1193 in
1165 1135 1246 1215 agris
1268 1129 1316 1195 fil·
1384 1151 1387 1160 ’

275 1241 386 1318 risque
407 1233 596 1309 errantibus,
618 1233 703 1294 nulle
723 1233 788 1296 iere
810 1235 887 1308 luit,
923 1253 961 1297 ea
979 1249 1122 1308 tantum,
1156 1255 1239 1320 quae
1259 1255 1316 1318 pa-

189 1341 207 1370 s
275 1342 390 1412 iatum,
420 1337 545 1411 oculos,
563 1375 564 1378 =
585 1355 677 1398 neree
706 1335 791 1419 rurale
825 1333 993 1411 haberent,
1033 1339 1315 1406 removebanture

276 1443 452 1524 conspectu.
511 1439 716 1524 congregetis
740 1461 813 1501 vero
841 1436 1019 1500 horninibus
1042 1455 1075 1500 et
1101 1443 1135 1502 in
1155 1441 1315 1508 societates

278 1545 445 1620 conlectis,
473 1547 736 1626 matrimoniuque
759 1539 942 1617 constituto,
975 1543 1164 1606 verecundia
1185 1547 1314 1608 tandem

222 1715 230 1738 ι
276 1666 351 1712 nata
374 1645 417 1708 est
437 1662 470 1708 et
490 1647 612 1728 pudor,
638 1665 702 1730 quo
722 1643 760 1706 ab
782 1665 908 1720 eorum,
944 1665 1026 1730 quae
1044 1649 1170 1708 remotis
1192 1647 1313 1712 arbitris
1406 1710 1411 1731 ¹

277 1751 404 1824 fierent,
440 1753 603 1813 mentione
631 1750 681 1812 vel
709 1747 917 1822 abstinerent,
950 1748 1002 1811 vel
1024 1747 1180 1812 vocubulis
1209 1773 1264 1826 ee,
1293 1773 1314 1814 e

277 1853 475 1916 sunilitudine
510 1855 613 1936 aliqua
648 1847 770 1934 petitis,
812 1868 845 1914 et
872 1852 1148 1916 circumlocutione
1175 1856 1312 1938 quadam

226 2007 231 2018 .
275 1959 459 2020 indicarent.
502 1957 575 2040 Qua
595 1959 629 2016 in
648 1977 683 2016 re
703 1970 807 2016 eutem
828 1959 987 2040 antiquior
1006 1971 1091 2018 uetes
1110 1954 1221 2020 fastidii
1246 1963 1312 2020 terri

274 2061 400 2121 delicati
421 2077 490 2119 non
511 2073 595 2131 erat,
635 2057 668 2118 id
698 2057 785 2141 quod
805 2077 843 2119 ex
865 2056 1094 2121 multia'verbis
1114 2061 1312 2142 etndictioni·

198 2233 202 2242 Ι
273 2162 332 2226 bus
353 2163 436 2245 spnd
457 2161 629 2224 Homerum
648 2173 760 2222 nounn
780 2157 838 2236 eit,
882 2160 994 2246 quibus
1015 2161 1054 2222 ad
1077 2183 1232 2238 umorem,
1266 2165 1311 2226 ia-

201 2271 203 2280 '
272 2267 483 2328 militritetern
509 2279 541 2328 et
568 2263 824 2326 cousuetudinem
855 2267 1013 2349 utriusque
1035 2263 1141 2338 sexus,
1184 2273 1309 2349 nuptias

272 2385 306 2430 et
326 2371 437 2430 furtive
458 2368 572 2452 gaudie
589 2366 778 2452 defignandtt
794 2365 863 2428 usus
877 2365 929 2429 est.
975 2371 1066 2450 Quae
1087 2370 1202 2433 deinde
1217 2371 1310 2435 verba

274 2493 293 2531 a
315 2476 435 2555 tragicis
456 2487 489 2534 et
516 2471 635 2556 lyricis,
677 2467 762 2552 quast
789 2475 923 2532 auctoris
944 2469 1127 2552 praestantia
1150 2459 1311 2539 obscoentl

156 2578 161 2589 '
273 2587 371 2635 tatem
393 2569 572 2646 smifillent,
605 2571 848 2656 dignitatemque
876 2571 1008 2656 aliquem
1040 2573 1187 2640 vetustate
1213 2575 1309 2640 ellent

273 2691 386 2749 necte,
419 2695 565 2758 magnam
588 2690 710 2758 partern
739 2671 803 2735 fine
832 2672 932 2737 sensus
952 2677 1153 2761 exquisitioris
1175 2697 1207 2743 et
1227 2683 1308 2764 poli-

272 2782 360 2841 tioris
380 2773 562 2841 oblenfione
583 2773 722 2838 adhibita
741 2781 775 2836 in
795 2778 912 2862 vulgari
928 2801 1055 2864 quoque
1068 2781 1215 2844 sermonis
1232 2807 1307 2847 con.

272 2879 435 2945 suetudine
453 2879 678 2944 retinebantur.
720 2879 783 2942 Sed
803 2881 916 2942 relictis
936 2883 1002 2944 aliis
1023 2883 1061 2948 ad
1083 2906 1119 2947 ea
1134 2893 1305 2966 veniamus,

272 3003 355 3069 quae
375 2989 553 3058 communia
572 2983 698 3046 iuemnt
712 2983 905 3045 Graecomrn
927 3001 959 3046 et
973 2987 1199 3064 Rornanorum,
1222 2994 1307 3056 unde

270 3085 388 3150 multoc
405 3107 454 3150 res
476 3104 508 3151 et
529 3087 696 3161 dictiones,
736 3105 811 3170 (pras
839 3104 947 3170 turpes
974 3104 1006 3150 et
1029 3089 1196 3156 obscoenas
1220 3117 1306 3159 nunc

271 3211 437 3264 vocamus,
478 3194 513 3252 iu
533 3203 738 3272 utrorumque
765 3190 851 3251 iactis
878 3207 910 3252 et
940 3189 1045 3268 dictis,
1079 3193 1135 3255 nifi
1158 3195 1305 3264 honestae

271 3314 308 3354 ac
331 3292 501 3355 laudabiles
522 3291 630 3364 etiem,
660 3308 766 3352 temen
785 3291 851 3354 fine
870 3291 1111 3374 reprehensione
1131 3313 1164 3360 ct
1181 3300 1301 3380 sterent,

268 3412 302 3475 et
316 3397 503 3460 dicerentur.
547 3397 685 3454 Primum
703 3393 767 3476 ipsa
787 3395 966 3481 mythornm
985 3413 1017 3458 et
1039 3397 1192 3463 sacrorum
1211 3413 1302 3483 ratio,

136 3531 140 3538 .
175 3576 180 3588 .
267 3495 480 3583 antiquissimis
508 3496 699 3580 temporibus
729 3514 797 3559 orta
827 3513 859 3560 et
885 3499 1064 3575 constituta,
1109 3507 1229 3582 multis,
1266 3527 1302 3572 ut

265 3621 352 3664 nunc
390 3601 537 3687 quidem,
588 3599 704 3662 lascivia
731 3617 765 3664 et
794 3600 972 3678 obscoenis,
1026 3625 1108 3688 quae
1142 3610 1302 3695 religionis

265 3710 432 3766 auctoritas
455 3701 540 3790 quali
558 3701 712 3776 sanxerat,
740 3718 860 3767 mentes
888 3720 920 3766 et
947 3727 1035 3770 eures
1055 3707 1225 3776 callilltmas
1247 3718 1301 3777 ad-

148 3883 154 3902 ·
263 3793 398 3871 iuefecit.
455 3805 583 3870 Deinde
612 3808 739 3868 Graecis
766 3823 799 3869 et
824 3809 975 3871 Romanis
1004 3811 1055 3874 vel
1086 3811 1299 3900 iet-erroribus,

260 3995 386 4032 romanas
415 3977 527 4053 illasque
555 3993 663 4034 naturas
682 3995 761 4031 num·
802 3975 929 4034 Carmina·
960 3982 1040 4037 etiam
1070 3981 1141 4038 iilius
1173 3990 1301 4045 amatorie

262 4083 344 4138 quarn
368 4063 490 4128 violarim
527 4067 616 4134 potius
648 4063 759 4137 graviter
800 4065 974 4122 haud‘dubie
1000 4071 1076 4143 inape
1100 4071 1170 4124 lusus
1187 4074 1295 4146 poetici,

260 4149 371 4204 lubintle
393 4150 419 4203 in
438 4149 565 4204 adulteria
593 4152 699 4224 proprie
720 4150 759 4203 di·
801 4149 835 4204 ad
851 4152 1011 4209 hilaritatem
1039 4157 1117 4219 laeti,
1146 4159 1221 4231 l‘uepe
1240 4177 1296 4214 ete

261 4251 302 4294 cu
318 4233 484 4312 incestusque
500 4255 601 4294 umores
618 4237 755 4297 invehitur.
800 4238 904 4296 Graeco
921 4257 1001 4315 poete
1020 4243 1136 4316 express's
1151 4245 1263 4321 [ιιιιιέήμ
